@article{kang,
  author          = {Kang, Thomas H},
  title           = {Educação para as elites, financiamento e ensino primário no Brasil, 1930–1964},
  journal         = {Latin American Research Review},
  volume          = {52},
  number          = {1},
  year            = {2017},
  pages           = {35-49}
}

@article{astorga,
  author          = "Astorga, Pablo and Berges, Ame and FitzGerald, Valpy",
  title           = {The Standard of Living in Latin America during the Twentieth Century},
  journal         = {Economic History Review},
  volume          = {58},
  number          = {4},
  year            = {2005},
  pages           = {765–796}
}

@book{ansell_2010,
  place           = {Cambridge},
  series          = {Cambridge Studies in Comparative Politics},
  title           = {From the Ballot to the Blackboard: The Redistributive Political Economy of Education},
  DOI             = {10.1017/CBO9780511730108},
  publisher       = {Cambridge University Press},
  author          = {Ansell, Ben W.},
  year            = {2010},
  collection      = {Cambridge Studies in Comparative Politics}
}

@phdthesis{frankema,
  author      = {Frankema , Ewout},
  title       = {The Historical Evolution of Inequality in Latin America: A Comparative Analysis, 1870–2000},
  school      = {Rijksuniversiteit Groningen - Países Baixos},
  year        = {2008}
}

@inbook{NBERc12608,
 Crossref = "NBERenge11-1",
 title = "The Evolution of Schooling: 1800-1925",
 author = "Stanley L. Engerman and Kenneth L. Sokoloff and Elisa V. Mariscal",
 BookTitle = "Economic Development in the Americas since 1500: Endowments and Institutions",
 Publisher = "Cambridge University Press",
 pages = "121-167",
 year = "2011",
 month = "November",
 URL = "http://www.nber.org/chapters/c12608",
}

@book{NBERenge11-1,
 title = "Economic Development in the Americas since 1500: Endowments and Institutions",
 author = "Stanley L. Engerman  and Kenneth L. Sokoloff",
 institution = "National Bureau of Economic Research",
 type = "Book",
 publisher = "Cambridge University Press",
 year = "2012",
 URL = "http://www.nber.org/books/enge11-1",
}

@techreport{NBERh0066,
 title = "Factor Endowments: Institutions, and Differential Paths of Growth Among New World Economies: A View from Economic Historians of the United States",
 author = "Engerman, Stanley L and Sokoloff, Kenneth L",
 institution = "National Bureau of Economic Research",
 type = "Working Paper",
 series = "Historical Working Paper Series",
 number = "66",
 year = "1994",
 month = "December",
 doi = {10.3386/h0066},
 URL = "http://www.nber.org/papers/h0066",
 abstract = {Many scholars are concerned with why the U.S. and Canada have been so much more successful over time than other New World economies.  Since all New World societies enjoyed high levels of product per capita early in their histories, the divergence in paths can be traced back to the achievement of sustained economic growth by the U.S. and Canada during the 18th to early 19th centuries. This paper highlights the relevance of differences in the degree of inequality in wealth, human capital, and political power in accounting for the variation in the records of growth, and suggest that the roots of inequality lay in differences in the initial factor endowments of the respective colonies The large concentration of Native Americans, and the suitability of cultiva- ting sugar and other crops were key in generating extreme inequality. This encouraged the evolution of societies where small elites of European descent held highly disproportionate shares of the wealth, human capital and political power, and dominated the population economically and politically. Absent from the nearly all-inclusive list of New World colonies with these conditions were the British settlements in the northern part of the North American continent. Next, we discuss the tendencies of government policies to maintain these conditions along the respective economy's path of development. Finally, we explore the effects of inequality on the evolution of institutions conducive to participation in the commercial economy, markets and technological change during this specific era, and suggest that their greater equality in wealth, human capital, and political capital and power may have predisposed the U.S. and Canada toward earlier realization of sustained economic growth.},
}

@book{capanema,
  author         = {Schwartzman, Simon and Bomeny, Helena and Costa, Vânia},
  publisher      = {Fundação Getúlio Vargas and Editora Paz e Terra},
  title          = {Tempos de Capanema},
  location       = {São Paulo},
  year           = {2000},
  url            = {http://www.schwartzman.org.br/simon/capanema/introduc.htm},
}

@book{ silva,
    author       = { Silva, Marinete dos Santos. },
    title        = { A educacao brasileira no estado novo (1937-1945) / Marinete dos Santos Silva },
    edition      = { 1.a ed. },
    publisher    = { Livraria Panorama ; Editorial Livramento Niteroi : Sao Paulo },
    pages        = { 61 p. ; },
    year         = { 1980 },
    type         = { Book },
    language     = { Portuguese },
    subjects     = { Education -- Brazil -- History -- 20th century.; Brazil -- History -- 1930-1945. },
    life-dates   = { 1980 -  }
}


@article{Quadros_Machado_2013,
	abstractnote = {Este artigo apresenta uma pontual an{\'a}lise das a{\c c}{\~o}es ministeriais de Gustavo Capanema, pol{\'\i}tico e intelectual que, para al{\'e}m da delimita{\c c}{\~a}o do Minist{\'e}rio da Educa{\c c}{\~a}o e Sa{\'u}de na Era Vargas, o qual esteve {\`a} frente no per{\'\i}odo de 1934 a 1945, estendeu seu interesse art{\'\i}stico e modernista sobre a pol{\'\i}tica cultural do pa{\'\i}s, buscando ampliar a associa{\c c}{\~a}o entre o desenvolvimento do pa{\'\i}s e as pol{\'\i}ticas p{\'u}blicas voltadas {\`a} promo{\c c}{\~a}o da cultura nacional, justificando tal instrumental como possibilidade de forma{\c c}{\~a}o do cidad{\~a}o brasileiro. A cultura ganha impulso e se desenvolve gra{\c c}as ao interesse de Capanema pelas artes e pelo movimento modernista que aspirava por ares inovadores e buscava espa{\c c}o frente a um tradicionalismo vinculado ao per{\'\i}odo republicano, como aspecto central associado as demais inst{\^a}ncias pol{\'\i}ticas do pa{\'\i}s. Capanema reflete a centraliza{\c c}{\~a}o do regime institu{\'\i}do pelo Estado Novo, promovendo a{\c c}{\~o}es mediante o uso de palavra forte frente ao minist{\'e}rio, levando em conta seu estilo e sua marca enquanto apreciador e cr{\'\i}tico da cultura, garantindo grande afluxo de recursos para intelectuais e artistas vinculados a proposta pol{\'\i}tica do regime em vigor e, sobretudo, ao gosto pelo moderno e pelo estilo estritamente vinculado ao esp{\'\i}rito nacionalista.},
	author = {Quadros, Raquel dos Santos and Machado, Maria Cristina Gomes},
	doi = {10.5752/P.2318-7344.2013v1n2p62},
	journal = {@rquivo Brasileiro de Educa{\c c}{\~a}o},
	month = {dez.},
	number = {2},
	pages = {62-75},
	title = {O ministro Gustavo Capanema e a a{\c c}{\~a}o cultural do minist{\'e}rio da educa{\c c}{\~a}o e sa{\'u}de na era Vargas - DOI - 10.5752/P.2318-7344.2013v1n2p62},
	url = {http://periodicos.pucminas.br/index.php/arquivobrasileiroeducacao/article/view/P.2318-7344.2013v1n2p62},
	volume = {1},
	year = {2013},
	Bdsk-Url-1 = {http://periodicos.pucminas.br/index.php/arquivobrasileiroeducacao/article/view/P.2318-7344.2013v1n2p62},
	Bdsk-Url-2 = {https://doi.org/10.5752/P.2318-7344.2013v1n2p62}}
